<?xml version="1.0" encoding="UTF-8" ?><marc:collection xmlns:marc="http://www.loc.gov/MARC21/slim" xmlns:xsi="http://www.w3.org/2001/XMLSchema-instance" xsi:schemaLocation="http://www.loc.gov/MARC21/slim http://www.loc.gov/standards/marcxml/schema/MARC21slim.xsd">
<marc:record><marc:leader>09832cam a2200433Mi 4500</marc:leader>
<marc:controlfield tag="001">b12147163</marc:controlfield>
<marc:controlfield tag="003">UaCaAUL</marc:controlfield><marc:controlfield tag="005">20180226090246.0</marc:controlfield><marc:controlfield tag="008">981202s1910    ua            000 0 ara d</marc:controlfield><marc:datafield tag="035" ind1=" " ind2=" "><marc:subfield code="a">(OCoLC)318938368</marc:subfield></marc:datafield><marc:datafield tag="040" ind1=" " ind2=" "><marc:subfield code="a">MEAUC</marc:subfield><marc:subfield code="b">eng</marc:subfield><marc:subfield code="e">rda</marc:subfield><marc:subfield code="c">MEAUC</marc:subfield><marc:subfield code="d">OCLCF</marc:subfield><marc:subfield code="d">OCLCO</marc:subfield><marc:subfield code="d">OCLCQ</marc:subfield><marc:subfield code="d">OCLCO</marc:subfield><marc:subfield code="d">OCL</marc:subfield><marc:subfield code="d">MEAUC</marc:subfield></marc:datafield><marc:datafield tag="049" ind1=" " ind2=" "><marc:subfield code="a">MAIN</marc:subfield></marc:datafield><marc:datafield tag="050" ind1=" " ind2="4"><marc:subfield code="a">BP170</marc:subfield><marc:subfield code="b">.H3 1910</marc:subfield></marc:datafield><marc:datafield tag="066" ind1=" " ind2=" "><marc:subfield code="c">(3</marc:subfield></marc:datafield><marc:datafield tag="090" ind1=" " ind2=" "><marc:subfield code="a">BP170</marc:subfield><marc:subfield code="b">.H3 1910</marc:subfield></marc:datafield><marc:datafield tag="245" ind1="0" ind2="0"><marc:subfield code="6">880-01</marc:subfield><marc:subfield code="a">Hādhihi Majmūʻat al-rasāʼil.</marc:subfield></marc:datafield><marc:datafield tag="246" ind1="3" ind2="0"><marc:subfield code="6">880-02</marc:subfield><marc:subfield code="a">Majmūʻat al-rasāʼil.</marc:subfield></marc:datafield><marc:datafield tag="264" ind1=" " ind2="1"><marc:subfield code="6">880-03</marc:subfield><marc:subfield code="a">Miṣr :</marc:subfield><marc:subfield code="b">bi-Maṭbaʻat Kurdistān al-ʻIlmīyah li-ṣāḥibihā Faraj Allāh Zakī al-Kurdī bi-Miṣr al-Maḥmīyah,</marc:subfield><marc:subfield code="c">1328 Hijrīyah [1910 or 1911]</marc:subfield></marc:datafield><marc:datafield tag="300" ind1=" " ind2=" "><marc:subfield code="a">636 pages ;</marc:subfield><marc:subfield code="c">20 cm.</marc:subfield></marc:datafield><marc:datafield tag="336" ind1=" " ind2=" "><marc:subfield code="a">text</marc:subfield><marc:subfield code="b">txt</marc:subfield><marc:subfield code="2">rdacontent.</marc:subfield></marc:datafield><marc:datafield tag="337" ind1=" " ind2=" "><marc:subfield code="a">unmediated</marc:subfield><marc:subfield code="b">n</marc:subfield><marc:subfield code="2">rdamedia.</marc:subfield></marc:datafield><marc:datafield tag="338" ind1=" " ind2=" "><marc:subfield code="a">volume</marc:subfield><marc:subfield code="b">nc</marc:subfield><marc:subfield code="2">rdacarrier.</marc:subfield></marc:datafield><marc:datafield tag="500" ind1=" " ind2=" "><marc:subfield code="a">Contains 31 treatises by Abū Shāmah, Ibn Tūmart, Ibn Sīnā, al-Ghazzālī, and others.</marc:subfield></marc:datafield><marc:datafield tag="500" ind1=" " ind2=" "><marc:subfield code="6">880-04</marc:subfield><marc:subfield code="a">Ṭubiʻat ʻalá nafaqat ḥaḍrat al-ustādh al-fāḍil dhū al-himmah al-ʻalīyah fī nashr al-kutub al-ʻālīyah al-islāmīyah al-Shaykh Muḥyī al-Dīn Ṣabrī al-Kurdī al-Kānīmishkānī.</marc:subfield></marc:datafield><marc:datafield tag="500" ind1=" " ind2=" "><marc:subfield code="6">880-05</marc:subfield><marc:subfield code="a">Ḥuqūq al-ṭabʻ maḥfūẓah.</marc:subfield></marc:datafield><marc:datafield tag="505" ind1="0" ind2=" "><marc:subfield code="6">880-06</marc:subfield><marc:subfield code="a">&quot;al-Ūlá minhā Mukhtaṣar kitāb al-muʼammal lil-radd ilá al-amr al-awwal, taṣnīf al-Imām al-ʻallāmah Mḥyī al-sunnah nāṣir al-ḥaqq Shihāb al-Dīn Abū al-Qāsim ʻAbd al-Raḥmān ibn Ismāʻīl ibn Ibrāhīm al-maʻrūf bi-Abī Shāmah al-Shāfiʻī, qaddasa Allāhu rawḥahu al-mawlūd sanat 596, al-mutawaffá sanat 665. -- al-Thānīyah minhā ʻAqīdah, lil-Imām al-ʻallāmah ibn Tūmart raḥimahu Allāhu taʻālá wa-huwa al-Imām Abū ʻAbd Allāh Muḥammad ibn ʻAbd Allāh ibn Tūmart al-manʻūt bi-al-Mahdī al-Harghī. -- al-Thālithah minhā al-Adab fī al-dīn, lil-Imām al-humām ḥujjat al-Islām Abī Ḥāmid Muḥammad ibn Muḥammad al-Ghazālī. -- al-Rābiʻah minhā Risālat Ayuhā al-walad, lil-Imām al-humām ḥujjat al-Islām Abī Ḥāmid Muḥammad ibn Muḥammad al-Ghazālī. -- al-Khāmisah minhā Tahdhīb al-akhlāq, taʼlīf al-Shaykh al-akbar Muḥyī al-Dīn ibn al-ʻArabī. -- al-Sādisah minhā ʻIlm al-akhlāq, taʼlīf al-raʼīs Abī ʻAlī al-Ḥusayn ibn ʻAbd Allāh ibn Sīnā. -- al-Sābiʻah minhā Risālat al-ʻahd, lil-Shaykh al-raʼīs Abī ʻAlī al-Ḥusayn ibn ʻAbd Allāh ibn Sīnā. -- al-Thāminah minhā al-Quwá al-insānīyah wa-idrākātuhā, lil-Shaykh al-raʼīs Abī ʻAlī al-Ḥusayn ibn ʻAbd Allāh ibn Sīnā. -- al-Tāsiʻah minhā Aqsām al-ʻulūm al-ʻaqlīyah, lil-Shaykh al-raʼīs Abī ʻAlī al-Ḥusayn ibn ʻAbd Allāh ibn Sīnā. -- al-ʻĀshirah minhā Risālat sirr al-qadar, lil-Shaykh al-raʼīs Abī ʻAlī al-Ḥusayn ibn ʻAbd Allāh ibn Sīnā. -- al-Ḥādiyatu ʻashr minhā Risālat al-mabdaʼ wa-al-muʻād, lil-Shaykh al-raʼīs Abī ʻAlī al-Ḥusayn ibn ʻAbd Allāh ibn Sīnā. -- al-Thāniyatu ʻashr minhā Bayān al-jawhar al-nafīs, lil-Shaykh al-raʼīs Abī ʻAlī al-Ḥusayn ibn ʻAbd Allāh ibn Sīnā. -- al-Thālithatu ʻashr minhā al-Uṣūl al-manṭiqīyah, lil-sayyid al-sharīf al-Jirjānī. -- al-Rābiʻatu ʻashr minhā fī al-Wiḥdah al-wujūdīyah, lil-ʻallāmah Bahāʼ al-Dīn Muḥammad ibn Ḥusayn ibn ʻAbd al-Ṣamad al-ʻĀmilī. -- al-Khāmisatu ʻAshr minhā al-Masāʼil al-khamsūn fī uṣūl al-kalām, lil-Imām Muḥammad ibn ʻUmar al-Rāzī. -- al-Sādisatu ʻashr minhā al-Risālatu al-baʻalbakīyah, min muṣannafāt al-Imām Abī al-ʻAbbās Aḥmad ibn Taymīyah al-Ḥarrānī. -- al-Sābiʻatu ʻashr minhā al-Manṭiq al-fahwāni wa-al-mashhad al-rawḥānī fī al-muʻād al-insānī, taʼlīf al-Shaykh Muḥammad ibn Aḥmad ibn Saʻīd ibn Masʻūd. -- al-Thāmintu ʻashr minhā Fī ʻulūm al-ḥaqāʼiq wa-ḥukm al-daqāʼiq, lil-Shaykh Saʻd al-Dīn al-Ḥamawī. -- al-Tāsiʻatu ʻashr minhā Kīmiyāʼ al-saʻādah, lil-Imām Abī Ḥāmid Muḥammad ibn Muḥammad al-Ghazālī. -- al-ʻIshrūna minhā al-Qawāʻid al-ʻashrah lil-Imām Abī Ḥāmid Muḥammad ibn Muḥammad al-Ghazālī. -- al-[Ḥādiyatu] wa-al-ʻishrūna minhā Risālat al-ṭayr, lil-Imām Abī Ḥāmid Muḥammad ibn Muḥammad al-Ghazālī. -- al-Thāniyatu wa-al-ʻishrūna minhā ʻAqīdah mukhtaṣarah, taʼlīf al-Imām Shihāb al-Dīn Harūn ibn Bahāʼ al-Dīn al-Marjānī al-Qāzānī. -- al-Thālithatu wa-al-ʻishrūna minhā Tāj al-rasāʼil wa-mihāj al-wasāʼil, taʼlīf al-Shaykh Muḥyī al-Dīn ibn al-ʻArabī.</marc:subfield></marc:datafield><marc:datafield tag="650" ind1=" " ind2="0"><marc:subfield code="a">Islam</marc:subfield><marc:subfield code="v">Apologetic works.</marc:subfield></marc:datafield><marc:datafield tag="700" ind1="1" ind2=" "><marc:subfield code="6">880-07</marc:subfield><marc:subfield code="a">Abū Shāmah, ʻAbd al-Raḥmān ibn Ismāʻīl,</marc:subfield><marc:subfield code="d">1203-1267.</marc:subfield><marc:subfield code="t">Mukhtaṣar kitāb al-muʼammal lil-radd ilá al-amr al-awwal.</marc:subfield><marc:subfield code="f">1910.</marc:subfield></marc:datafield><marc:datafield tag="880" ind1="3" ind2="0"><marc:subfield code="6">246-02/(3/r</marc:subfield><marc:subfield code="a">مجموعة الرسائل..</marc:subfield></marc:datafield><marc:datafield tag="880" ind1="0" ind2="0"><marc:subfield code="6">245-01/(3/r</marc:subfield><marc:subfield code="a">هذه مجموعة الرسائل..</marc:subfield></marc:datafield><marc:datafield tag="880" ind1=" " ind2="1"><marc:subfield code="6">264-03/(3/r</marc:subfield><marc:subfield code="a">مصر :‪</marc:subfield><marc:subfield code="b">بمطبعة كردستان العلمية لصاحبها فرج الله زكي الكردي بمصر المامية،‪</marc:subfield><marc:subfield code="c">1328 هجرية [1910 أو 1911]</marc:subfield></marc:datafield><marc:datafield tag="880" ind1=" " ind2=" "><marc:subfield code="6">500-04/(3/r</marc:subfield><marc:subfield code="a">طبعت على نفقة حضرة الاستاذ الفاضل ذو الهمة العلية في نشر الكتب العالية الاسلامية الشيخ محيي الدين صبري الكردي الكانيمشكاني..</marc:subfield></marc:datafield><marc:datafield tag="880" ind1=" " ind2=" "><marc:subfield code="6">500-05/(3/r</marc:subfield><marc:subfield code="a">حقوق الطبع محفوظة..</marc:subfield></marc:datafield><marc:datafield tag="880" ind1="0" ind2=" "><marc:subfield code="6">505-06/(3/r</marc:subfield><marc:subfield code="a">&quot;الاولى منها مختصر كتاب المؤمل للرد الى الامر الاول، تصنيف الامام العلامة محيي السنة ناصر الحق شهاب الدين أبو القاسم عبد الرحمن بن اسماعيل بن ابراهيم المعروف بأبي شهامة الشافعي، قدس الله روحه المولود سنة 596, المتوفى سنة 665. -- الثانية منها عقيدة، للامام العلامة بن تومرت رحمه الله تعالى وهو الامام أبو عبد الله محمد بن عبد الله بن تومرت المنعوت بالمهدي الهرغي.  الثالثة منها الادب في الدين، للامام الهمام حجة الاسلام أبي حامد محمد بن محمد الغزالي. -- الرابعة منها رسالة أيها الولد، للامام الهمام حجة الاسلام أبي حامد محمد بن محمد الغزالي. -- الخامسة منها تهذيب الاخلاق، تأليف الشيخ الاكبر محيي الدين بن العربي. -- السادسة منها علم الاخلاق، تأليف الرئيس أبي علي الحسين بن عبد الله بن سينا. -- السابعة منها رسالة العهد، للشيخ الرئيس أبي علي الحسين بن عبد الله بن سينا. -- الثامنة منها القوى الانسانية وادراكاتها، للشيخ الرئيس أبي علي الحسين بن عبد الله بن سينا. -- التاسعة منها أقسام العلوم العقلية، للشيخ الرئيس أبي علي الحسين بن عبد الله بن سينا. -- العاشرة منها رسالة سر القدر، للشيخ الرئيس أبي علي الحسين بن عبد الله بن سينا. -- الحادية عشر منها رسالة المبدأ والمعاد، للشيخ الرئيس أبي علي الحسين بن عبد الله بن سينا. -- الثانية عشر منها بيان الجوهر النفيس، للشيخ الرئيس أبي علي الحسين بن عبد الله بن سينا. -- الثالثة عشر منها الاصول المنطقية، للسيد الشريف الجرجاني. -- الرابعة عشر منها في الوحدة الوجودية، للعلامة بهاء الدين محمد بن حسين بن عبد الصمد العاملي. -- الخامسة عشر منها المسائل الخمسون في أصول الكلام، للامام محمد بن عمر الرازي. -- السادسة عشر منها الرسالة البعلبكية، من مصنفات الامام أبي العباس أحمد بن تيمية الحراني. -- السابعة عشر منها المنطق الفهوان والمشهد الروحاني في المعاد الانساني، تأليف الشيخ محمد بن أحمد بن سعيد بن مسعود. -- الثامنة عشر منها في علوم الحقائق وحكم الدقائق، للشيخ سعد الدين الحموي. -- التاسعة عشر منها كيمياء السعادة، للامام أبي حامد محمد بن محمد الغزالي. -- العشرون منها القواعد العشرة للامام أبي حامد محمد بن محمد الغزالي. -- ال[حادية] والعشرون منها رسالة الطير، للامام أبي حامد محمد بن محمد الغزالي. -- الثانية والعشرون منها عقيدة مختصرة، تأليف الامام شهاب الدين هرون بن بهاء الدين المرجاني القازاني. -- الثالثة والعشرون منها تاج الرسائل ومهاج الوسائل، تأليف الشيخ محيي الدين بن العربي..</marc:subfield></marc:datafield><marc:datafield tag="880" ind1="1" ind2=" "><marc:subfield code="6">700-07/(3/r</marc:subfield><marc:subfield code="a">أبوشامة، عبد الرحمن ابن اسماعيل.‪</marc:subfield><marc:subfield code="t">مختصر كتاب المؤمل للرد الى الامر الاول..</marc:subfield></marc:datafield><marc:datafield tag="907" ind1=" " ind2=" "><marc:subfield code="a">.b12147163</marc:subfield><marc:subfield code="b">main </marc:subfield></marc:datafield><marc:datafield tag="902" ind1=" " ind2=" "><marc:subfield code="a">180325</marc:subfield></marc:datafield><marc:datafield tag="998" ind1=" " ind2=" "><marc:subfield code="b">1</marc:subfield><marc:subfield code="c">981206</marc:subfield><marc:subfield code="d">m</marc:subfield><marc:subfield code="e">a</marc:subfield><marc:subfield code="f">-</marc:subfield><marc:subfield code="g">0</marc:subfield><marc:subfield code="k">TA</marc:subfield></marc:datafield><marc:datafield tag="945" ind1=" " ind2=" "><marc:subfield code="l">main </marc:subfield></marc:datafield></marc:record>
</marc:collection>
